@book{petrovich-1,
    author = "Петрович А.Ю.",
    title = "Лекции по математическому анализу. Часть I. Введение в математический анализ",
    isbn = {978-5-7417-0647-3 (Ч. I)},
    year = {2017},
    language = {russian},
    hyphenation = {russian}
}

@book{petrovich-2,
    author = "Петрович А.Ю.",
    title = "Лекции по математическому анализу. Часть II. Многомерный анализ, интегралы и ряды",
    isbn = {978-5-7417-0649-7 (Ч. II)},
    year = {2017},
    language = {russian},
    hyphenation = {russian}
}

@book{petrovich-3,
    author = "Петрович А.Ю.",
    title = "Лекции по математическому анализу. Часть III. Кратные интегралы. Гармонический анализ",
    isbn = {978-5-7417-0658-9 (Ч. III)},
    year = {2018},
    language = {russian},
    hyphenation = {russian}
}

@online{bunakov,
    author = "Бунаков А.Э.",
    title = "Курс лекций по ТФКП",
    url = "https://www.youtube.com/playlist?list=PL4_hYwCyhAva-UaTQzPtkgvOibKH8-Ccw"
}

@book{beklemishev,
    author = "Беклемишев Д.В.",
    title = "Курс аналитическое геометрии и линейной алгебры",
    isbn = "978-5-8114-1844-2",
    year = {2015},
    language = {russian},
    hyphenation = {russian}
}
